@article{Field1977,
	pages = {379--409},
	volume = {74},
	number = {July},
	author = {Hartry Field},
	journal = {Journal of Philosophy},
	title = {Logic, Meaning, and Conceptual Role},
	publisher = {Journal of Philosophy Inc},
	year = {1977}
}


@article{Angere2010,
  author       = {Angere, Staffan},
  publisher    = {Manne Siegbahn Institute},
  series       = {Preprint without journal information},
  title        = {Knowledge in a Social Network},
  year         = {2010},
}


@article{Olsson2013,
	volume = {190},
	year = {2013},
	journal = {Synthese},
	pages = {2557--2571},
	title = {Norms of Assertion and Communication in Social Networks},
	number = {13},
	author = {Erik J. Olsson and Aron Vallinder}
}

@unpublished{Constantin2017,
	title={Epistemic Authority: Preemption Trough Undercutting Defeat},
	author={Jan Constantin and Thomas Grundmann},
	year={2017},
}

@book{Bovens2003,
	publisher = {Oxford: Oxford University Press},
	author = {Luc Bovens and Stephan Hartmann},
	title = {Bayesian Epistemology},
	year = {2003}
}


@article{Leitgeb2010,
	title = {An Objective Justification of Bayesianism I: Measuring Inaccuracy},
	number = {2},
	pages = {201--235},
	journal = {Philosophy of Science},
	year = {2010},
	volume = {77},
	author = {Hannes Leitgeb and Richard Pettigrew}
}

@unpublished{Fitelson,
	title = {Partial Belief, Full Belief, and Accuracy--Dominance},
	author = {Branden Fitelson and Kenny Easwaran}
}

@article{Fallis2016,
	volume = {94},
	pages = {576--590},
	number = {3},
	title = {The Brier Rule Is Not a Good Measure of Epistemic Utility},
	journal = {Australasian Journal of Philosophy},
	year = {2016},
	author = {Don Fallis and Peter J. Lewis}
}

@article{Pollock1987-POLDR,
	title = {Defeasible Reasoning},
	number = {4},
	pages = {481--518},
	journal = {Cognitive Science},
	year = {1987},
	volume = {11},
	author = {John Pollock}
}

@book{Zagzebski2012-ZAGEAA,
	title = {Epistemic Authority: A Theory of Trust, Authority, and Autonomy in Belief},
	publisher = {OUP USA},
	year = {2012},
	author = {Linda Zagzebski}
}

@article{Elga2007-ELGRAD,
	pages = {478--502},
	journal = {No\^us},
	author = {Adam Elga},
	volume = {41},
	number = {3},
	year = {2007},
	title = {Reflection and Disagreement}
}
@article{Goldman2001,
	title = {Experts: Which Ones Should You Trust?},
	publisher = {Wiley-Blackwell},
	number = {1},
	journal = {Philosophy and Phenomenological Research},
	pages = {85--110},
	volume = {63},
	year = {2001},
	author = {Alvin I. Goldman}
}

@incollection{Lewis1980,
	editor = {Richard C. Jeffrey},
	year = {1980},
	pages = {83--132},
	booktitle = {Studies in Inductive Logic and Probability},
	publisher = {University of California Press},
	author = {David Lewis},
	title = {A Subjectivist's Guide to Objective Chance}
}

@incollection{Grundmann2011,
	booktitle = {The Routleddge Companion to Epistemology},
	pages = {156--166},
	author = {Thomas Grundmann},
	year = {2011},
	title = {Defeasibility Theory},
	publisher = {Routledge},
	editor = {Sven Bernecker and Duncan Pritchard}
}
@article{Pettigrew2014,
	volume = {14},
	title = {Deference Done Right},
	year = {2014},
	journal = {Philosophers' Imprint},
	author = {Richard Pettigrew and Michael G. Titelbaum},
	number = {35},
	pages = {1--19}
}
@book{Pollock1986,
	title = {Contemporary Theories of Knowledge},
	author = {John Pollock},
	year = {1986},
	publisher = {Hutchinson}
}
@article{Olsson2011-OLSASA,
	pages = {127--143},
	volume = {8},
	publisher = {Edinburgh University Press},
	number = {2},
	journal = {Episteme},
	year = {2011},
	author = {Erik J. Olsson},
	title = {A Simulation Approach to Veritistic Social Epistemology}
}

@article{Douven2010-DOUSPD,
	author = {Igor Douven},
	journal = {Studies in History and Philosophy of Science Part A},
	title = {Simulating Peer Disagreements},
	volume = {41},
	number = {2},
	year = {2010},
	pages = {148--157},
	publisher = {Elsevier}
}
@unpublished{Igor2011-DOUTAS-4,
	year = {2011},
	publisher = {Springer},
	author = {Douven Igor and Kelp Christoph},
	title = {Truth Approximation, Social Epistemology, and Opinion Dynamics}
}

@article{Berker2013,
	pages = {337--393},
	volume = {122},
	title = {Epistemic Teleology and the Separateness of Propositions},
	year = {2013},
	journal = {Philosophical Review},
	number = {3},
	author = {Selim Berker}
}

@article{Joyce1998-JOYANV,
	year = {1998},
	author = {James M. Joyce},
	volume = {65},
	number = {4},
	pages = {575--603},
	journal = {Philosophy of Science},
	title = {A Nonpragmatic Vindication of Probabilism},
	publisher = {University of Chicago Press}
}

    
@article{Maher2002-MAHJAF,
	pages = {73--81},
	journal = {Philosophy of Science},
	volume = {69},
	author = {Patrick Maher},
	publisher = {University of Chicago Press},
	year = {2002},
	number = {1},
	title = {Joyce's Argument for Probabilism}
}
@article{jäger_2016, title={EPISTEMIC AUTHORITY, PREEMPTIVE REASONS, AND UNDERSTANDING}, volume={13}, DOI={10.1017/epi.2015.38}, number={2}, journal={Episteme}, publisher={Cambridge University Press}, author={Jäger, Christoph}, year={2016}, pages={167–185}}


@article{10.2307/40660410,
 author = {Michael Thune},
 journal = {The Philosophical Quarterly (1950-)},
 number = {239},
 pages = {355-372},
 publisher = {[Oxford University Press, University of St. Andrews, Scots Philosophical Association]},
 title = {'PARTIAL DEFEATERS' AND THE EPISTEMOLOGY OF DISAGREEMENT},
 volume = {60},
 year = {2010}
}

@incollection{Kelly2010-KELPDA,
	publisher = {Oxford University Press},
	editor = {Alvin I. Goldman and Dennis Whitcomb},
	title = {Peer Disagreement and Higher Order Evidence},
	booktitle = {Social Epistemology: Essential Readings},
	year = {2010},
	author = {Thomas Kelly},
	pages = {183--217}
}

@article{Keren2014-KERTAB,
	pages = {2593--2615},
	number = {12},
	author = {Arnon Keren},
	title = {Trust and Belief: A Preemptive Reasons Account},
	journal = {Synthese},
	year = {2014},
	volume = {191}
}


@Inbook{Olsson2013b,
author="Olsson, Erik J.",
editor="Zenker, Frank",
title="A Bayesian Simulation Model of Group Deliberation and Polarization",
bookTitle="Bayesian Argumentation: The practical side of probability",
year="2013",
publisher="Springer Netherlands",
address="Dordrecht",
pages="113--133",
}

